@article{garcia:inria-00624777,
  TITLE = {{Coherent Parallel Hashing}},
  AUTHOR = {Garc{\'i}a, Ismael and Lefebvre, Sylvain and Hornus, Samuel and Lasram, Anass},
  URL = {https://hal.inria.fr/inria-00624777},
  JOURNAL = {{ACM Transactions on Graphics}},
  PUBLISHER = {{Association for Computing Machinery}},
  SERIES = {Proceedings of ACM SIGGRAPH Asia 2011},
  VOLUME = {30},
  NUMBER = {6},
  YEAR = {2011},
  MONTH = Dec,
  KEYWORDS = {spatial hashing ; parallel ; coherent ; hashing ; sparse data},
  PDF = {https://hal.inria.fr/inria-00624777/file/paper.pdf},
  HAL_ID = {inria-00624777},
  HAL_VERSION = {v1},
}
@inproceedings{Chadalavada2017ImprovingCH,
  title={Improving Cuckoo Hashing with Perfect Hashing},
  author={Moulika Chadalavada},
  year={2017}
}
@article{analysinghashtable,
   title={Analysing the Performance of GPU Hash Tables for State Space Exploration},
   volume={263},
   ISSN={2075-2180},
   url={http://dx.doi.org/10.4204/EPTCS.263.1},
   DOI={10.4204/eptcs.263.1},
   journal={Electronic Proceedings in Theoretical Computer Science},
   publisher={Open Publishing Association},
   author={Cassee, Nathan and Wijs, Anton},
   year={2017},
   month={Dec},
   pages={1â€“15}
}
@ARTICLE{7070722,
  author={Pontarelli, Salvatore and Reviriego, Pedro and Maestro, Juan Antonio},
  journal={IEEE Transactions on Computers}, 
  title={Parallel d-Pipeline: A Cuckoo Hashing Implementation for Increased Throughput}, 
  year={2016},
  volume={65},
  number={1},
  pages={326-331},
  doi={10.1109/TC.2015.2417524}}
@article{collet2016xxhash,
  title={xxHash - Extremely fast non-cryptographic hash algorithm},
  author={Collet, Yann},
  year={2016}
}
@article{chibinz,
  title={Concurrent cuckoo hash table implemented in CUDA},
  author={chibinz},
  journal={GitHub: chibinz/CuckooHashing},
  year={2021}
}
@article{josehu07,
  title={Parallel Cuckoo Hashing on GPUs with CUDA},
  author={josehu07},
  journal={GitHub: josehu07/cuckoo-hashing-CUDA},
  year={2019}
}
@article{victoryang00,
  title={Cuckoo Hashing},
  author={victoryang00},
  journal={GitHub: victoryang00/CuckooHashing},
  year={2021}
}
@article{xiezhq-hermann,
  title={Cuckoo-Hash-CUDA},
  author={xiezhq-hermann},
  journal={GitHub: xiezhq-hermann/Cuckoo-Hash-CUDA},
  year={2018}
}